
@book{cisinski_higher_2019,
	address = {Cambridge ; New York, NY},
	series = {Cambridge studies in advanced mathematics},
	title = {Higher categories and homotopical algebra},
	isbn = {9781108473200},
	publisher = {Cambridge University Press},
	author = {Cisinski, Denis-Charles},
	year = {2019},
	keywords = {Homotopy theory, Algebra, Homological, Categories (Mathematics), Presheaves},
}

@book{lane_categories_1971,
	address = {New York, NY},
	series = {Graduate {Texts} in {Mathematics}},
	title = {Categories for the {Working} {Mathematician}},
	volume = {5},
	isbn = {9780387900360 9781461298397},
	url = {http://link.springer.com/10.1007/978-1-4612-9839-7},
	urldate = {2020-11-30},
	publisher = {Springer New York},
	author = {Lane, Saunders Mac},
	editor = {Halmos, P. R.},
	year = {1971},
	doi = {10.1007/978-1-4612-9839-7},
}

@article{lerman_orbifolds_2010,
	title = {Orbifolds as stacks?},
	volume = {56},
	issn = {0013-8584},
	url = {http://www.ems-ph.org/doi/10.4171/LEM/56-3-4},
	doi = {10.4171/LEM/56-3-4},
	language = {en},
	number = {3},
	urldate = {2020-11-30},
	journal = {L’Enseignement Mathématique},
	author = {Lerman, Eugene},
	year = {2010},
	pages = {315--363},
}

@article{moerdijk_orbifolds_1997,
	title = {Orbifolds, {Sheaves} and {Groupoids}},
	volume = {12},
	issn = {15730514, 09203036},
	url = {http://www.portico.org/Portico/article?article=pgg1zfp84sx},
	doi = {10.1023/A:1007767628271},
	number = {1},
	urldate = {2020-11-30},
	journal = {K-Theory},
	author = {Moerdijk, I. and Pronk, D. A.},
	month = jul,
	year = {1997},
	pages = {3--21},
}

@article{grunbaum_what_2006,
	title = {What {Symmetry} {Groups} {Are} {Present} in the {Alhambra}?},
	volume = {53},
	url = {https://www.ams.org/notices/200606/comm-grunbaum.pdf},
	number = {6},
	journal = {Notices of the AMS},
	author = {Grünbaum, Branko},
	month = jul,
	year = {2006},
	pages = {670--673},
}

@misc{dugger_sheaves_nodate,
	title = {Sheaves and {Homotopy} {Theory}},
	url = {http://math.mit.edu/~dspivak/files/cech.pdf},
	author = {Dugger, Daniel},
}

@article{schwede_categories_2019,
	title = {Categories and orbispaces},
	volume = {19},
	issn = {1472-2739, 1472-2747},
	url = {https://msp.org/agt/2019/19-6/p13.xhtml},
	doi = {10.2140/agt.2019.19.3171},
	language = {en},
	number = {6},
	urldate = {2020-11-30},
	journal = {Algebraic \& Geometric Topology},
	author = {Schwede, Stefan},
	month = oct,
	year = {2019},
	pages = {3171--3215},
}

@article{townsend_localic_2014,
	title = {A {Localic} {Proof} of the {Localic} {Groupoid} {Representation} of {Grothendieck} {Toposes}},
	volume = {142},
	journal = {Proc. Amer. Math. Soc.},
	author = {Townsend, Christopher},
	year = {2014},
	pages = {859--866},
}
