@ARTICLE{Willerton05,
       author = {{Willerton}, Simon},
        title = "{The twisted Drinfeld double of a finite group via gerbes and finite groupoids}",
      journal = {arXiv Mathematics e-prints},
     keywords = {Mathematics - Quantum Algebra, Mathematics - Algebraic Topology, 57R56, 16W30, 18B40},
         year = "2005",
        month = "Mar",
          eid = {math/0503266},
        pages = {math/0503266},
archivePrefix = {arXiv},
       eprint = {math/0503266},
 primaryClass = {math.QA},
       adsurl = {https://ui.adsabs.harvard.edu/abs/2005math......3266W},
      adsnote = {Provided by the SAO/NASA Astrophysics Data System}
}
