@manual{charles,
      title  = "Toposes and Homotopy Toposes (Version 0.15)",
      author = "Charles Rezk",
      url    = "https://faculty.math.illinois.edu/~rezk/homotopy-topos-sketch.pdf",
      year   = "2010"
    }
@Book{hott,
  author =    {The {Univalent Foundations Program}},
  title =     {Homotopy Type Theory: Univalent Foundations of Mathematics},
  publisher = {\url{https://homotopytypetheory.org/book}},
  address =   {Institute for Advanced Study},
  year =      "2013"}
@manual{rijke,
      title  = "Introduction to Homotopy Type Theory",
      author = "Egbert Rijke",
      url    = "http://www.andrew.cmu.edu/user/erijke/hott/hott_intro.pdf",
      year   = "2018"
    }
book{SGA1,
    author = "Grothendieck, Alexander",
    title = "Rev\^etements \'etales et groupe fondamental (SGA 1)",
    publisher = "Springer-Verlag",
    year = "1971",
    series = "Lecture notes in mathematics",
    volume = "224"
}
@misc{baez,
Author = {John C. Baez and Michael Shulman},
Title = {Lectures on n-Categories and Cohomology},
Year = {2006},
Eprint = {arXiv:math/0608420},
}
  url={https://books.google.com/books?id=LZWLBAAAQBAJ},
@book{moe-mac,
  title={Sheaves in Geometry and Logic: A First Introduction to Topos Theory},
  author={MacLane, S. and Moerdijk, I.},
  isbn={9781461209270},
  series={Universitext},
  year={2012},
  publisher={Springer New York}
}
editor="Aiello, Marco
and Pratt-Hartmann, Ian
and Van Benthem, Johan",
address="Dordrecht",
pages="429--496",
isbn="978-1-4020-5587-4",
doi="10.1007/978-1-4020-5587-4_8",
url="https://doi.org/10.1007/978-1-4020-5587-4_8"
@Inbook{locales,
author="Vickers, Steven",
title="Locales and Toposes as Spaces",
bookTitle="Handbook of Spatial Logics",
year="2007",
publisher="Springer Netherlands",
}

@book{lurie,
  title={Higher Topos Theory},
  author={Lurie, J.},
  isbn={9781400830558},
  series={Annals of Mathematics Studies},
  year={2009},
  publisher={Princeton University Press}
}

and Bollobas, B. and Fulton, W. and Katok, A. and Kirwan, F. and Sarnak, P. and Simon, B.
@book{gtheories,
  title={Galois Theories},
  author={Borceux, F. and Janelidze, G. },
  isbn={9780521803090},
  series={Cambridge Studies in Advanced Mathematics},
  year={2001},
  publisher={Cambridge University Press}
}

@book{joy-tier,
  title={An Extension of the Galois Theory of Grothendieck},
  author={Joyal, A. and Tierney, M.},
  number={no. 309},
  isbn={9780821823125},
  series={American Mathematical Society: Memoirs of the American Mathematical Society},
  year={1984},
  publisher={American Mathematical Society}
}

      journal = {arXiv e-prints},
     keywords = {Mathematics - Category Theory, Mathematics - Algebraic Topology},
@ARTICLE{nima-csos,
       author = {{Rasekh}, Nima},
        title = "{Complete Segal Objects}",
         year = "2018",
          eid = {arXiv:1805.03561},
}
@misc{nima-ehts,
      title={A Theory of Elementary Higher Toposes}, 
      author={Nima Rasekh},
      year={2018},
      eprint={1805.03805},
      archivePrefix={arXiv},
}
@misc{nima-repr,
      title={Cartesian Fibrations and Representability}, 
      author={Nima Rasekh},
      year={2018},
      eprint={1711.03670},
      archivePrefix={arXiv},
}

@book{baby-elephant,
	title = {Topos {Theory}},
	publisher = {Dover},
	author = {Johnstone, P.T.},
	year = {2014},
}

	address = {Oxford ; New York},
	series = {Oxford logic guides},
	number = {43-{\textless}44 {\textgreater}},
	shorttitle = {Sketches of an elephant},
	keywords = {Toposes},
@book{elephant,
	title = {Sketches of an elephant: a topos theory compendium},
	publisher = {Oxford University Press},
	author = {Johnstone, P. T.},
	year = {2002},
}
	isbn = {9780198524960 9780198534259 9780198515982},
@book{cisinski-higher,
	address = {Cambridge ; New York, NY},
	series = {Cambridge studies in advanced mathematics},
	title = {Higher categories and homotopical algebra},
	publisher = {Cambridge University Press},
	author = {Cisinski, Denis-Charles},
	year = {2019},
}
	isbn = {9781108473200},
	keywords = {Homotopy theory, Algebra, Homological, Categories (Mathematics), Presheaves},

@book{cwm,
	series = {Graduate {Texts} in {Mathematics}},
	title = {Categories for the {Working} {Mathematician}},
	volume = {5},
	publisher = {Springer New York},
	author = {Lane, Saunders Mac},
	year = {1971},
}
	address = {New York, NY},
	isbn = {9780387900360 9781461298397},
	url = {http://link.springer.com/10.1007/978-1-4612-9839-7},
	urldate = {2020-11-30},
	editor = {Halmos, P. R.},
	doi = {10.1007/978-1-4612-9839-7},

@article{orbifolds-as-stacks,
	title = {Orbifolds as stacks?},
	volume = {56},
	issn = {0013-8584},
	url = {http://www.ems-ph.org/doi/10.4171/LEM/56-3-4},
	doi = {10.4171/LEM/56-3-4},
	language = {en},
	number = {3},
	urldate = {2020-11-30},
	journal = {L’Enseignement Mathématique},
	author = {Lerman, Eugene},
	year = {2010},
	pages = {315--363},
}

@article{moerdijk-orbifolds,
	title = {Orbifolds, {Sheaves} and {Groupoids}},
	volume = {12},
	issn = {15730514, 09203036},
	url = {http://www.portico.org/Portico/article?article=pgg1zfp84sx},
	number = {1},
	journal = {K-Theory},
	author = {Moerdijk, I. and Pronk, D. A.},
	month = jul,
	year = {1997},
	pages = {3--21},
}
	urldate = {2020-11-30},
	doi = {10.1023/A:1007767628271},

@article{alhambra-tilings,
	title = {What {Symmetry} {Groups} {Are} {Present} in the {Alhambra}?},
	volume = {53},
	url = {https://www.ams.org/notices/200606/comm-grunbaum.pdf},
	number = {6},
	journal = {Notices of the AMS},
	author = {Grünbaum, Branko},
	month = jul,
	year = {2006},
	pages = {670--673},
}

@misc{dugger-sheaves,
	title = {Sheaves and {Homotopy} {Theory}},
	url = {http://math.mit.edu/~dspivak/files/cech.pdf},
	author = {Dugger, Daniel},
}

@article{schwede-categories,
	title = {Categories and orbispaces},
	volume = {19},
	url = {https://msp.org/agt/2019/19-6/p13.xhtml},
	language = {en},
	number = {6},
	journal = {Algebraic \& Geometric Topology},
	author = {Schwede, Stefan},
	month = oct,
	year = {2019},
	pages = {3171--3215},
}
	urldate = {2020-11-30},
	issn = {1472-2739, 1472-2747},
	doi = {10.2140/agt.2019.19.3171},

@article{townsend-localic,
	title = {A {Localic} {Proof} of the {Localic} {Groupoid} {Representation} of {Grothendieck} {Toposes}},
	volume = {142},
	journal = {Proc. Amer. Math. Soc.},
	author = {Townsend, Christopher},
	year = {2014},
	pages = {859--866},
}
